@article{NewsRecommendation,
 author = {Li, Qing and Wang, Jia and Chen, Yuanzhu Peter and Lin, Zhangxi},
 title = {User comments for news recommendation in forum-based social media},
 journal = {Inf. Sci.},
 issue_date = {December, 2010},
 volume = {180},
 number = {24},
 month = dec,
 year = {2010},
 issn = {0020-0255},
 pages = {4929--4939},
 numpages = {11},
 url = {http://dx.doi.org/10.1016/j.ins.2010.08.044},
 doi = {10.1016/j.ins.2010.08.044},
 acmid = {1866675},
 publisher = {Elsevier Science Inc.},
 address = {New York, NY, USA},
 keywords = {Collaborative filtering, Content-based filtering, Information retrieval, News recommendation, Recommender system, Social media, User comment},
} 

@inproceedings{OpinionSpace,
 author = {Faridani, Siamak and Bitton, Ephrat and Ryokai, Kimiko and Goldberg, Ken},
 title = {Opinion space: a scalable tool for browsing online comments},
 booktitle = {Proceedings of the SIGCHI Conference on Human Factors in Computing Systems},
 series = {CHI '10},
 year = {2010},
 isbn = {978-1-60558-929-9},
 location = {Atlanta, Georgia, USA},
 pages = {1175--1184},
 numpages = {10},
 url = {http://doi.acm.org/10.1145/1753326.1753502},
 doi = {10.1145/1753326.1753502},
 acmid = {1753502},
 publisher = {ACM},
 address = {New York, NY, USA},
 keywords = {collaborative filtering, comment browsing, deliberative polling, dimensionality reduction, opinion mining, opinion visualization, perceptual maps, very large scale conversations},
} 


@inproceedings{Wikipedia,
 author = {Hoffmann, Raphael and Amershi, Saleema and Patel, Kayur and Wu, Fei and Fogarty, James and Weld, Daniel S.},
 title = {Amplifying community content creation with mixed initiative information extraction},
 booktitle = {Proceedings of the SIGCHI Conference on Human Factors in Computing Systems},
 series = {CHI '09},
 year = {2009},
 isbn = {978-1-60558-246-7},
 location = {Boston, MA, USA},
 pages = {1849--1858},
 numpages = {10},
 url = {http://doi.acm.org/10.1145/1518701.1518986},
 doi = {10.1145/1518701.1518986},
 acmid = {1518986},
 publisher = {ACM},
 address = {New York, NY, USA},
 keywords = {community content creation, information extraction, mixed-initiative interfaces},
} 

@inproceedings{NewsInterfaces,
 author = {Wagner, Earl J. and Liu, Jiahui and Birnbaum, Larry and Forbus, Kenneth D.},
 title = {Rich interfaces for reading news on the web},
 booktitle = {Proceedings of the 14th international conference on Intelligent user interfaces},
 series = {IUI '09},
 year = {2009},
 isbn = {978-1-60558-168-2},
 location = {Sanibel Island, Florida, USA},
 pages = {27--36},
 numpages = {10},
 url = {http://doi.acm.org/10.1145/1502650.1502658},
 doi = {10.1145/1502650.1502658},
 acmid = {1502658},
 publisher = {ACM},
 address = {New York, NY, USA},
 keywords = {explanatory structures},
} 

@article{ActionReadiness,
    address = {Univ Amsterdam,Fac Psychol,Weesperplein 8,1018 Xa Amsterdam,Netherlands},
    author = {Frijda, N. H. and Kuipers, P. and Terschure, E.},
    citeulike-article-id = {6447175},
    citeulike-linkout-0 = {\#},
    issn = {0022-3514},
    journal = {Journal of Personality and Social Psychology},
    number = {2},
    pages = {212-228+},
    pdf = {internal-pdf://Frijda Kuipers and Schure - action readiness - 1989-3839443972/Frijda Kuipers and Schure - action readiness - 1989.pdf},
    posted-at = {2009-12-28 03:15:12},
    priority = {2},
    title = {Relations among Emotion, Appraisal, and Emotional Action Readiness},
    url = {\#},
    volume = {57},
    year = {1989}
}

@article{AnnotationsStudents,
  added-at = {2010-02-15T00:00:00.000+0100},
  author = {Wolfe, Joanna},
  biburl = {http://www.bibsonomy.org/bibtex/296d9dcd86cd21a3241155fbd4ee106e1/dblp},
  date = {2010-02-15},
  description = {dblp},
  ee = {http://dx.doi.org/10.1007/s11412-008-9040-x},
  interhash = {b6ad876348cd2e21d5e250801d16e35b},
  intrahash = {96d9dcd86cd21a3241155fbd4ee106e1},
  journal = {I. J. Computer-Supported Collaborative Learning},
  keywords = {dblp},
  number = 2,
  pages = {141-164},
  timestamp = {2010-02-15T00:00:00.000+0100},
  title = {Annotations and the collaborative digital library: Effects of an aligned annotation interface on student argumentation and reading strategies.},
  url = {http://dblp.uni-trier.de/db/journals/cscl/cscl3.html#Wolfe08},
  volume = 3,
  year = 2008
}

@inproceedings{CommentingSystems,
 author = {Ericsson, Michael and Baur\'en, Magnus and L\"owgren, Jonas and Waern, Yvonne},
 title = {A study of commenting agents as design support},
 booktitle = {CHI 98 Cconference Summary on Human Factors in Computing Systems},
 series = {CHI '98},
 year = {1998},
 isbn = {1-58113-028-7},
 location = {Los Angeles, California, USA},
 pages = {225--226},
 numpages = {2},
 url = {http://doi.acm.org/10.1145/286498.286714},
 doi = {10.1145/286498.286714},
 acmid = {286714},
 publisher = {ACM},
 address = {New York, NY, USA},
 keywords = {Wizard-of-Oz, commenting system, design support},
} 


@inproceedings{NB,
 author = {Zyto, Sacha and Karger, David and Ackerman, Mark and Mahajan, Sanjoy},
 title = {Successful classroom deployment of a social document annotation system},
 booktitle = {Proceedings of the SIGCHI Conference on Human Factors in Computing Systems},
 series = {CHI '12},
 year = {2012},
 isbn = {978-1-4503-1015-4},
 location = {Austin, Texas, USA},
 pages = {1883--1892},
 numpages = {10},
 url = {http://doi.acm.org/10.1145/2207676.2208326},
 doi = {10.1145/2207676.2208326},
 acmid = {2208326},
 publisher = {ACM},
 address = {New York, NY, USA},
 keywords = {annotation, collaboration, e-learning, forum, hypertext},
} 

@inproceedings{Reflect,
 author = {Kriplean, Travis and Toomim, Michael and Morgan, Jonathan and Borning, Alan and Ko, Andrew},
 title = {Is this what you meant?: promoting listening on the web with reflect},
 booktitle = {Proceedings of the SIGCHI Conference on Human Factors in Computing Systems},
 series = {CHI '12},
 year = {2012},
 isbn = {978-1-4503-1015-4},
 location = {Austin, Texas, USA},
 pages = {1559--1568},
 numpages = {10},
 url = {http://doi.acm.org/10.1145/2207676.2208621},
 doi = {10.1145/2207676.2208621},
 acmid = {2208621},
 publisher = {ACM},
 address = {New York, NY, USA},
 keywords = {deliberation, discussion, grounding, listening, web},
} 

@inproceedings{Politics,
  author    = {Sean A. Munson and
               Stephanie Y. Lee and
               Paul Resnick},
  title     = {Encouraging Reading of Diverse Political Viewpoints with
               a Browser Widget},
  booktitle = {ICWSM},
  year      = {2013},
  ee        = {http://www.aaai.org/ocs/index.php/ICWSM/ICWSM13/paper/view/6119},
  bibsource = {DBLP, http://dblp.uni-trier.de}
}
